<?xml version="1.0" encoding="UTF-8" ?>
<collection xmlns:xsi="http://www.w3.org/2001/XMLSchema-instance" xsi:schemaLocation="http://www.loc.gov/MARC21/slim http://www.loc.gov/standards/marcxml/schema/MARC21slim.xsd" xmlns="http://www.loc.gov/MARC21/slim">
   <record>
      <leader>     cam a22      a 4500</leader>
      <controlfield tag="001">5236998</controlfield>
      <controlfield tag="003">NIC</controlfield>
      <controlfield tag="005">20141228163939.0</controlfield>
      <controlfield tag="008">940323m19411947tu a          000 0 arard</controlfield>
      <datafield tag="010" ind1=" " ind2=" ">
         <subfield code="a">73960253</subfield>
      </datafield>
      <datafield tag="035" ind1=" " ind2=" ">
         <subfield code="a">(OCoLC)64057785</subfield>
      </datafield>
      <datafield tag="035" ind1=" " ind2=" ">
         <subfield code="a">5236998</subfield>
      </datafield>
      <datafield tag="040" ind1=" " ind2=" ">
         <subfield code="a">NIC</subfield>
         <subfield code="c">NIC</subfield>
      </datafield>
      <datafield tag="050" ind1=" " ind2="4">
         <subfield code="a">Z7052</subfield>
         <subfield code="b">.K19 1941</subfield>
      </datafield>
      <datafield tag="100" ind1="0" ind2=" ">
         <subfield code="a">Kâtip Çelebi,</subfield>
         <subfield code="d">1609-1657</subfield>
      </datafield>
      <datafield tag="240" ind1="1" ind2="0">
         <subfield code="a">Kashf al-ẓunūn ʻan asāmi al-kutub wa-al-funūn</subfield>
      </datafield>
      <datafield tag="245" ind1="1" ind2="0">
         <subfield code="a">Kitāb kashf al-ẓunūn ʻan asāmī al-kutub wa-al-funūn /</subfield>
         <subfield code="c">[li-Muṣṭafá ibn ʻAbd Allāh al-shahīr bi-Ḥājjī Khalīfah wa-bi-Kātib Jalabī ; ʻuniyah bi-taṣḥīḥuhu wa-ṭabʻuhu ʻala nuskhat al-muʾallif mujarradan ʻan al-ziyādāt wa-al-lawāḥiq min baʻdihi wa-taʻlīq hawāshihi thumma bi-tartīb al-thuyūl ʻalayhi wa-ṭabʻihā Muḥammad Sharaf al-Dīn Yāltaqāyā wa-al-muʻallim Rifʻat Bīlkah al-Kilīsī] ; maʻa muqaddimah li-Āyat Allāh al-ʻUẓmá Shihāb al-Dīn al-Najafī-yi Marʻashī.</subfield>
      </datafield>
      <datafield tag="246" ind1="1" ind2="4">
         <subfield code="a">Keşf-el-zunun</subfield>
      </datafield>
      <datafield tag="260" ind1=" " ind2=" ">
         <subfield code="a">[Istanbul :</subfield>
         <subfield code="b">s.n.],</subfield>
         <subfield code="c">1941-1947</subfield>
         <subfield code="e">([Istanbul] :</subfield>
         <subfield code="f">Maṭabiʻ Wikālat al-Maʻārif al-Jalīlah)</subfield>
      </datafield>
      <datafield tag="300" ind1=" " ind2=" ">
         <subfield code="a">4 v. :</subfield>
         <subfield code="b">ill. ;</subfield>
         <subfield code="c">30 cm.</subfield>
      </datafield>
      <datafield tag="500" ind1=" " ind2=" ">
         <subfield code="a">Title on added t.p.: Keşf-el-zunun.</subfield>
      </datafield>
      <datafield tag="505" ind1="0" ind2=" ">
         <subfield code="a">v. 1-2. Kitāb kashf al-ẓunūn -- v. 3-4. Kitāb īḍāḥ al-maknūn fī al-dhayl ʻalá Kashf al-ẓunūn.</subfield>
      </datafield>
      <datafield tag="500" ind1=" " ind2=" ">
         <subfield code="a">Reprint.</subfield>
      </datafield>
      <datafield tag="500" ind1=" " ind2=" ">
         <subfield code="a">&quot;Iʻādat tabʻah bi-al-Ūfsit, Baghdad, Maktabat al-Muthanná.&quot;</subfield>
      </datafield>
      <datafield tag="650" ind1=" " ind2="0">
         <subfield code="a">Arabic literature</subfield>
         <subfield code="x">Bio-bibliography.</subfield>
      </datafield>
      <datafield tag="650" ind1=" " ind2="0">
         <subfield code="a">Turkish literature</subfield>
         <subfield code="x">Bio-bibliography.</subfield>
      </datafield>
      <datafield tag="650" ind1=" " ind2="0">
         <subfield code="a">Persian literature</subfield>
         <subfield code="x">Bio-bibliography.</subfield>
      </datafield>
      <datafield tag="650" ind1=" " ind2="7">
         <subfield code="a">Arabic literature</subfield>
         <subfield code="2">fast</subfield>
         <subfield code="0">(OCoLC)fst00812478</subfield>
      </datafield>
      <datafield tag="650" ind1=" " ind2="7">
         <subfield code="a">Persian literature</subfield>
         <subfield code="2">fast</subfield>
         <subfield code="0">(OCoLC)fst01058528</subfield>
      </datafield>
      <datafield tag="650" ind1=" " ind2="7">
         <subfield code="a">Turkish literature</subfield>
         <subfield code="2">fast</subfield>
         <subfield code="0">(OCoLC)fst01159487</subfield>
      </datafield>
      <datafield tag="655" ind1=" " ind2="7">
         <subfield code="a">Bio-bibliography</subfield>
         <subfield code="2">fast</subfield>
         <subfield code="0">(OCoLC)fst01423685</subfield>
      </datafield>
      <datafield tag="700" ind1="0" ind2=" ">
         <subfield code="a">Ismail,</subfield>
         <subfield code="c">paşa,</subfield>
         <subfield code="d">1839-1920.</subfield>
         <subfield code="t">Īḍāḥ al-maknūn fī al-dhayl ʻalá Kashf al-ẓunūn.</subfield>
      </datafield>
      <datafield tag="700" ind1="1" ind2=" ">
         <subfield code="a">Yaltkaya, Şerefeddin.</subfield>
      </datafield>
      <datafield tag="700" ind1="0" ind2=" ">
         <subfield code="a">Kilisli Muallim Rifat,</subfield>
         <subfield code="d">1876-1953.</subfield>
      </datafield>
      <datafield tag="948" ind1="1" ind2=" ">
         <subfield code="a">20041111</subfield>
         <subfield code="b">o</subfield>
         <subfield code="d">ah16</subfield>
         <subfield code="e">lts</subfield>
      </datafield>
      <datafield tag="948" ind1="2" ind2=" ">
         <subfield code="a">20141228</subfield>
         <subfield code="b">m</subfield>
         <subfield code="d">batch</subfield>
         <subfield code="e">lts</subfield>
         <subfield code="x">addfast</subfield>
      </datafield>
      <datafield tag="903" ind1=" " ind2=" ">
         <subfield code="a">NYUACO</subfield>
         <subfield code="d">20150423</subfield>
         <subfield code="p">31924098229465</subfield>
      </datafield>
      <datafield tag="950" ind1=" " ind2=" ">
         <subfield code="a">A.D.</subfield>
         <subfield code="b">White Z7052 .K19 1941 +</subfield>
         <subfield code="v">muj.1 </subfield>
      </datafield>
      <datafield tag="903" ind1=" " ind2=" ">
         <subfield code="a">NYUACO</subfield>
         <subfield code="d">20150423</subfield>
         <subfield code="p">31924098229473</subfield>
      </datafield>
      <datafield tag="950" ind1=" " ind2=" ">
         <subfield code="a">A.D.</subfield>
         <subfield code="b">White Z7052 .K19 1941 +</subfield>
         <subfield code="v">muj.2 </subfield>
      </datafield>
      <datafield tag="903" ind1=" " ind2=" ">
         <subfield code="a">NYUACO</subfield>
         <subfield code="d">20150423</subfield>
         <subfield code="p">31924098229481</subfield>
      </datafield>
      <datafield tag="950" ind1=" " ind2=" ">
         <subfield code="a">A.D.</subfield>
         <subfield code="b">White Z7052 .K19 1941 +</subfield>
         <subfield code="v">muj.3 </subfield>
      </datafield>
      <datafield tag="903" ind1=" " ind2=" ">
         <subfield code="a">NYUACO</subfield>
         <subfield code="d">20150423</subfield>
         <subfield code="p">31924098229499</subfield>
      </datafield>
      <datafield tag="950" ind1=" " ind2=" ">
         <subfield code="a">A.D.</subfield>
         <subfield code="b">White Z7052 .K19 1941 +</subfield>
         <subfield code="v">muj.4 </subfield>
      </datafield>
   </record>
</collection>
